@article{powell2008,
  author={Powell, James R.},
  journal={Proceedings of the IEEE}, 
  title={The {Q}uantum {L}imit to {M}oore's {L}aw}, 
  year={2008},
  volume={96},
  number={8},
  pages={1247-1248},
  keywords={Moore's Law;Quantum computing;Electrons;Transistors;Physics computing;Integrated circuit technology;Gallium arsenide},
  doi={10.1109/JPROC.2008.925411}
  }

@online{HP, 
  place={Palo Alto}, 
  title={Signal Analyzers}, 
  publisher={Hewlett-Packard Company}, 
  author={HP},
  year=1990,
  url={https://www.mikrocontroller.net/attachment/255249/HP141T.pdf#:~:text=The%20141T%20based%20spectrum%20analyzer%20features%20absolute,range%2C%20and%20simple%20to%20interpret%20display%20output.&text=Signals%20at%20as%20low%20a%20level%20as,the%20spectrum%20analyzer%20with%2010%20Hz%20bandwidth.},
  urldate={2025-03-09}
  } 

@article{seats1971cathode,
	title={The {C}athode-{R}ay {T}ubeâ€”{A} {R}eview of {C}urrent {T}echnology and {F}uture {T}rends},
	author={Seats, PETER},
	journal={IEEE Transactions on Electron Devices},
	volume={18},
	number={9},
	pages={679--684},
	year={1971},
	publisher={IEEE}
}

@article{mcfarlane1970use,
	title={The {U}se of {C}athode-{R}ay {T}ubes in {P}rofessional {E}quipment},
	author={McFarlane, AB},
	journal={Radio and Electronic Engineer},
	volume={40},
	number={6},
	pages={289--299},
	year={1970},
	publisher={IET}
}

@article{daltonhistory,
	title={{A} {H}istory of the {A}nalog {C}athode {R}ay {O}scilloscope},
	author={Dalton, Oliver and Kreps, Lionel}
}

@article{wolf1997,
	title={P31 {P}hosphor {P}ersistence at {P}hotopic {M}ean {L}uminance {L}evel.},
	author={Wolf, W and Deubel, Heiner},
	journal={Spatial Vision},
	number={4},
	pages={323--333},
	year={1997},
	publisher={Brill Academic Publishers}
}

@article{edgerley1977,
	title={{D}isplay and {S}torage {S}ystems for a {D}igital {S}ignal {A}nalyzer.},
	author={Edgerly, WM and DC, Snyder},
	journal={Advanced Digital Signal Analyzer Probes Low-Frequency Signals with Ease and Precision},
	pages={14},
	year={1977}
}

@article{hengjun2015,
	title={A {D}esign and {I}mplementation of {P}ortable {S}pectrum {A}nalyzer},
	author={Hengjun, Zhu and Wenxing, Wang},
	journal={International {J}ournal of {M}ultimedia and {U}biquitous {E}ngineering},
	volume={10},
	number={12},
	pages={235--244},
	year={2015}
}